@book{name1,
    author    = "author",
    title     = "title",
    publisher = "publisher",
    %volume   = "",
    %number   = "",
    %series   = "",
    %address  = "",
    %edition  = "",
    year      = "1990",
    %month    = "",
    %note     = "",
}

@techreport{name2,
    author    = "author",
    title     = "title",
    institution = "institution",
    %type     = "", 
    %number   = "",
    address  = "address",
    year      = "1990",
    %month    = "July",
    %note     = "",
}

@online{name3,
author = "author",
title = "title",
year = "1990",
url = "url",
%subtitle = "",
%date = "",
%month = "",
}

@article{name4,
    author    = "author",
    title     = "title",
    journal   = "journal",
    %volume   = "",
    number   = "7-8",
    pages    = "32-35",
    year      = "1990",
    month    = "february",
    %note     = "",
}

@thesis{name5,
author = "author",
title = "title",
type = "type",
institution = {institution},
year = {1990},
}